
@ARTICLE{ClewlowandCarverhill,
  title={On the Simulation of Contingent Claims},
  author={Clewlow and Carverhill},
  journal={The Journal of Derivatives},
  volume={2},
  number={2},
  pages={66--74},
  year={1995},
  publisher={JSTOR}
}

@BOOK{McDonald,
  author = {Robert L. McDonald},
  title = {Derivatives Markets},
  publisher = {Pearson},
  year = {2013},
}

@BOOK{ClewlowStrickland,
  author = {Clewlow and Strickland},
  title = {Implementing Derivatives Models},
  publisher = {Wiley},
  year = {1998},
}